@MISC{Gruhl_contextand,
    author = {Daniel Gruhl and Meena Nagarajan and Jan Pieper and Christine Robson},
    title = {Context and Domain Knowledge Enhanced Entity Spotting In Informal Text},
    year = {}
}
@INPROCEEDINGS{Hassell06ontology-drivenautomatic,
    author = {Joseph Hassell and Boanerges Aleman-meza and I. Budak Arpinar},
    title = {Ontology-Driven Automatic Entity Disambiguation in Unstructured Text},
    booktitle = {In International Semantic Web Conference},
    year = {2006},
    pages = {44--57}
}
@INPROCEEDINGS{Mendes11dbpediaspotlight:,
    author = {Pablo N. Mendes and Max Jakob and Andrés García-silva and Christian Bizer},
    title = {Dbpedia spotlight: Shedding light on the web of documents},
    booktitle = {In Proceedings of the 7th International Conference on Semantic Systems (I-Semantics},
    year = {2011}
}
@MISC{Ritter_opendomain,
    author = {Alan Ritter and Sam Clark and Oren Etzioni},
    title = {Open Domain Event Extraction from Twitter},
    year = {}
}
@article{DBLP:journals/corr/abs-1303-4702,
  author = {Thomas Steiner and
               Seth van Hooland and
               Ed Summers},
  title = {MJ no more: Using Concurrent Wikipedia Edit Spikes with
               Social Network Plausibility Checks for Breaking News Detection},
  journal = {CoRR},
  volume = {abs/1303.4702},
  year = {2013},
  ee = {http://arxiv.org/abs/1303.4702},
  bibsource = {DBLP, http://dblp.uni-trier.de}
}

@inproceedings{krouf2012,
  year =        {2012},
  title =       {{E}vent{M}edia live: {E}xploring events connections in real-time to enhance content},
  author =      {{K}hrouf, {H}ouda and  {M}ilicic, {V}uk and  {T}roncy, {R}apah{\"e}l},
  booktitle =   {{ISWC} 2012, {S}emantic {W}eb {C}hallenge at 11th {I}nternational {S}emantic {W}eb {C}onference, 2012, {B}oston, {USA}},
  month =       {11}
}


